@article{lin2018empirical,
  title={An empirical study of game reviews on the Steam platform},
  author={Lin, Dayi and Bezemer, Cor-Paul and Zou, Ying and Hassan, Ahmed E},
  journal={Empirical Software Engineering},
  pages={1--38},
  year={2018},
  publisher={Springer}
}

@misc{sentimentanalysis,
  title = {{Sentiment Analysis: Why It's Never 100\% Accurate}},
   howpublished = {\url{https://brnrd.me/posts/sentiment-analysis-never-accurate}},
  note = {(last visited:February 11, 2019)},
  author = {Donkor, Ben},
  year = {2014}
}

@article{kim2014convolutional,
  title={Convolutional neural networks for sentence classification},
  author={Kim, Yoon},
  journal={arXiv preprint arXiv:1408.5882},
  year={2014}
}

@article{zhou2016text,
  title={Text classification improved by integrating bidirectional LSTM with two-dimensional max pooling},
  author={Zhou, Peng and Qi, Zhenyu and Zheng, Suncong and Xu, Jiaming and Bao, Hongyun and Xu, Bo},
  journal={arXiv preprint arXiv:1611.06639},
  year={2016}
}

@inproceedings{arevian2007recurrent,
  title={Recurrent neural networks for robust real-world text classification},
  author={Arevian, Garen},
  booktitle={IEEE/WIC/ACM International Conference on Web Intelligence},
  pages={326--329},
  year={2007},
  organization={IEEE Computer Society}
}

@inproceedings{malavolta2015end,
  title={End users' perception of hybrid mobile apps in the google play store},
  author={Malavolta, Ivano and Ruberto, Stefano and Soru, Tommaso and Terragni, Valerio},
  booktitle={2015 IEEE International Conference on Mobile Services},
  pages={25--32},
  year={2015},
  organization={IEEE}
}

@inproceedings{pascarella2018video,
  title={How is video game development different from software development in open source?},
  author={Pascarella, Luca and Palomba, Fabio and Di Penta, Massimiliano and Bacchelli, Alberto},
  booktitle={2018 IEEE/ACM 15th International Conference on Mining Software Repositories (MSR)},
  pages={392--402},
  year={2018},
  organization={IEEE}
}

@article{zuo2018sentiment,
  title={Sentiment Analysis of Steam Review Datasets using Naive Bayes and Decision Tree Classifier},
  author={Zuo, Zhen},
  year={2018}
}

@article{baissentiment,
  title={Sentiment Classification on Steam Reviews},
  author={Bais, Rohan and Odek, Pasal and Ou, Seyla}
}

@inproceedings{ganu2009beyond,
  title={Beyond the stars: improving rating predictions using review text content.},
  author={Ganu, Gayatree and Elhadad, Noemie and Marian, Am{\'e}lie},
  booktitle={WebDB},
  volume={9},
  pages={1--6},
  year={2009},
  organization={Citeseer}
}

@article{lin2019empirical,
  title={An empirical study of game reviews on the Steam platform},
  author={Lin, Dayi and Bezemer, Cor-Paul and Zou, Ying and Hassan, Ahmed E},
  journal={Empirical Software Engineering},
  volume={24},
  number={1},
  pages={170--207},
  year={2019},
  publisher={Springer}
}

@article{chung2014empirical,
  title={Empirical evaluation of gated recurrent neural networks on sequence modeling},
  author={Chung, Junyoung and Gulcehre, Caglar and Cho, KyungHyun and Bengio, Yoshua},
  journal={arXiv preprint arXiv:1412.3555},
  year={2014}
}

@inproceedings{tang2015document,
  title={Document modeling with gated recurrent neural network for sentiment classification},
  author={Tang, Duyu and Qin, Bing and Liu, Ting},
  booktitle={Proceedings of the 2015 conference on empirical methods in natural language processing},
  pages={1422--1432},
  year={2015}
}

@inproceedings{ganguly2015word,
  title={Word embedding based generalized language model for information retrieval},
  author={Ganguly, Debasis and Roy, Dwaipayan and Mitra, Mandar and Jones, Gareth JF},
  booktitle={Proceedings of the 38th international ACM SIGIR conference on research and development in information retrieval},
  pages={795--798},
  year={2015},
  organization={ACM}
}

@inproceedings{ling2015two,
  title={Two/too simple adaptations of word2vec for syntax problems},
  author={Ling, Wang and Dyer, Chris and Black, Alan W and Trancoso, Isabel},
  booktitle={Proceedings of the 2015 Conference of the North American Chapter of the Association for Computational Linguistics: Human Language Technologies},
  pages={1299--1304},
  year={2015}
}

@inproceedings{mikolov2013distributed,
  title={Distributed representations of words and phrases and their compositionality},
  author={Mikolov, Tomas and Sutskever, Ilya and Chen, Kai and Corrado, Greg S and Dean, Jeff},
  booktitle={Advances in neural information processing systems},
  pages={3111--3119},
  year={2013}
}

@article{kingma2014adam,
  title={Adam: A method for stochastic optimization},
  author={Kingma, Diederik P and Ba, Jimmy},
  journal={arXiv preprint arXiv:1412.6980},
  year={2014}
}

@inproceedings{chung2015gated,
  title={Gated feedback recurrent neural networks},
  author={Chung, Junyoung and Gulcehre, Caglar and Cho, Kyunghyun and Bengio, Yoshua},
  booktitle={International Conference on Machine Learning},
  pages={2067--2075},
  year={2015}
}

@misc{updateresetgate,
  title = {{Understanding GRU Networks}},
   howpublished = {\url{https://towardsdatascience.com/understanding-gru-networks-2ef37df6c9be}},
  note = {(last visited:March 22, 2019)},
  author = {Kostadinov, Simeon},
  year = {2017}
}

@inproceedings{wilson2017marginal,
  title={The marginal value of adaptive gradient methods in machine learning},
  author={Wilson, Ashia C and Roelofs, Rebecca and Stern, Mitchell and Srebro, Nati and Recht, Benjamin},
  booktitle={Advances in Neural Information Processing Systems},
  pages={4148--4158},
  year={2017}
}

@inproceedings{asurveyonactualsoftwareengineeringprocesses,
  title={Are the old days gone?: A survey on actual software engineering processes in video game industry},
  author={Politowski, Cristiano and Fontoura, Lisandra and Petrillo, Fabio and Gu{\'e}h{\'e}neuc, Yann-Ga{\"e}l},
  booktitle={Proceedings of 5th International Workshop on Games and Software Engineering},
  pages={22--28},
  year={2016},
  organization={ACM}
}

@inproceedings{videogamedevelopmentdifferentfromsoftwaredev,
  title={Cowboys, ankle sprains, and keepers of quality: How is video game development different from software development?},
  author={Murphy-Hill, Emerson and Zimmermann, Thomas and Nagappan, Nachiappan},
  booktitle={Proceedings of 36th International Conference on Software Engineering},
  pages={1--11},
  year={2014},
  organization={ACM}
}

@inproceedings{theplaytimeprinciple,
  title={The Playtime Principle: Large-scale cross-games interest modeling.},
  author={Sifa, Rafet and Bauckhage, Christian and Drachen, Anders},
  booktitle={Proceedings of CIG},
  pages={1--8},
  year={2014}
}

@article{urgentupdates,
  title={Studying the urgent updates of popular games on the {S}team platform},
  author={Lin, Dayi and Bezemer, Cor-Paul and Hassan, Ahmed E},
  journal={Empirical Software Engineering},
  volume={22},
  number={4},
  pages={2095--2126},
  year={2017},
  publisher={Springer}
}

@article{lin2017eag,
  title={An empirical study of early access games on the {S}team platform},
  author={Lin, Dayi and Bezemer, Cor-Paul and Hassan, Ahmed E},
  journal={Empirical Software Engineering},
  volume={23},
  number={2},
  pages={771--799},
  year={2018},
  publisher={Springer}
}

@article{lin2018gr,
  title={An empirical study of game reviews on the {S}team platform},
  author={Lin, Dayi and Bezemer, Cor-Paul and Zou, Ying and Hassan, Ahmed E},
  journal={Empirical Software Engineering},
  pages={1--38},
  year={2018},
  publisher={Springer}
}

@inproceedings{placingvalueoncommunitycocreations,
  title={Placing Value on Community Co-creations: A Study of a Video Game'Modding'Community},
  author={Poretski, Lev and Arazy, Ofer},
  booktitle={Proceedings of ACM Conference on Computer Supported Cooperative Work and Social Computing},
  pages={480--491},
  year={2017},
  organization={ACM}
}

@article{cheatinginonlinegamesasocialnetwork,
  title={Cheating in online games: A social network perspective},
  author={Blackburn, Jeremy and Kourtellis, Nicolas and Skvoretz, John and Ripeanu, Matei and Iamnitchi, Adriana},
  journal={ACM Transactions on Internet Technology (TOIT)},
  volume={13},
  number={3},
  pages={9},
  year={2014},
  publisher={ACM}
}

@inproceedings{fu2013people,
  title={Why people hate your app: Making sense of user feedback in a mobile app store},
  author={Fu, Bin and Lin, Jialiu and Li, Lei and Faloutsos, Christos and Hong, Jason and Sadeh, Norman},
  booktitle={Proceedings of the 19th ACM SIGKDD international conference on Knowledge discovery and data mining},
  pages={1276--1284},
  year={2013},
  organization={ACM}
}

@article{liang2015consumer,
  title={What in consumer reviews affects the sales of mobile apps: A multifacet sentiment analysis approach},
  author={Liang, Ting-Peng and Li, Xin and Yang, Chin-Tsung and Wang, Mengyue},
  journal={International Journal of Electronic Commerce},
  volume={20},
  number={2},
  pages={236--260},
  year={2015},
  publisher={Taylor \& Francis}
}

@article{sangani2013sentiment,
  title={Sentiment analysis of app store reviews},
  author={Sangani, Chirag and Ananthanarayanan, Sundaram},
  journal={Methodology},
  volume={4},
  number={1},
  pages={153--162},
  year={2013}
}

@inproceedings{guzman2014users,
  title={How do users like this feature? a fine grained sentiment analysis of app reviews},
  author={Guzman, Emitza and Maalej, Walid},
  booktitle={IEEE 22nd international requirements engineering conference (RE)},
  pages={153--162},
  year={2014},
  organization={IEEE}
}

@inproceedings{straaaat2017using,
  title={Using User Created Game Reviews for Sentiment Analysis: A Method for Researching User Attitudes.},
  author={Str{\aa}{\aa}t, Bj{\"o}rn and Verhagen, Harko},
  booktitle={GHITALY@ CHItaly},
  year={2017}
}

@article{baissentiment,
  title={Sentiment Classification on Steam Reviews},
  author={Bais, Rohan and Odek, Pasal and Ou, Seyla}
}

@article{kirantwitter,
  title={Twitter sentiment analysis of game reviews using machine learning techniques},
  author={Kiran, TDV and Reddy, K Gowtham and Gopal, Jagadeesh}
}

@inproceedings{sirbu2016extracting,
  title={Extracting Gamers' Opinions from Reviews},
  author={Sirbu, Dorinela and Secui, Ana and Dascalu, Mihai and Crossley, Scott Andrew and Ruseti, Stefan and Trausan-Matu, Stefan},
  booktitle={18th International Symposium on Symbolic and Numeric Algorithms for Scientific Computing (SYNASC)},
  pages={227--232},
  year={2016},
  organization={IEEE}
}

@inproceedings{ling2003auc,
  title={AUC: a statistically consistent and more discriminating measure than accuracy},
  author={Ling, Charles X and Huang, Jin and Zhang, Harry and others},
  booktitle={Ijcai},
  volume={3},
  pages={519--524},
  year={2003}
}

@inproceedings{batista2003balancing,
  title={Balancing Training Data for Automated Annotation of Keywords: a Case Study.},
  author={Batista, Gustavo EAPA and Bazzan, Ana LC and Monard, Maria Carolina},
  booktitle={WOB},
  pages={10--18},
  year={2003}
}

